%% This BibTeX bibliography file was created using BibDesk.
%% http://bibdesk.sourceforge.net/

%% Created for Tarang Chugh at 2017-02-17 23:03:47 -0500 


%% Saved with string encoding Unicode (UTF-8) 



@article{venugopalan2014translating,
	Author = {Venugopalan, Subhashini and Xu, Huijuan and Donahue, Jeff and Rohrbach, Marcus and Mooney, Raymond and Saenko, Kate},
	Date-Added = {2017-02-18 04:03:39 +0000},
	Date-Modified = {2017-02-18 04:03:39 +0000},
	Journal = {arXiv preprint arXiv:1412.4729},
	Title = {Translating videos to natural language using deep recurrent neural networks},
	Year = {2014}}

@article{abu2016youtube,
	Author = {Abu-El-Haija, Sami and Kothari, Nisarg and Lee, Joonseok and Natsev, Paul and Toderici, George and Varadarajan, Balakrishnan and Vijayanarasimhan, Sudheendra},
	Date-Added = {2017-02-18 03:43:52 +0000},
	Date-Modified = {2017-02-18 03:43:52 +0000},
	Journal = {arXiv preprint arXiv:1609.08675},
	Title = {Youtube-8m: A large-scale video classification benchmark},
	Year = {2016}}

@article{ji20133d,
	Author = {Ji, Shuiwang and Xu, Wei and Yang, Ming and Yu, Kai},
	Date-Added = {2017-02-18 03:41:45 +0000},
	Date-Modified = {2017-02-18 03:41:45 +0000},
	Journal = {IEEE transactions on pattern analysis and machine intelligence},
	Number = {1},
	Pages = {221--231},
	Publisher = {IEEE},
	Title = {3D convolutional neural networks for human action recognition},
	Volume = {35},
	Year = {2013}}

@inproceedings{krizhevsky2012imagenet,
	Author = {Krizhevsky, Alex and Sutskever, Ilya and Hinton, Geoffrey E},
	Booktitle = {Advances in neural information processing systems},
	Date-Added = {2017-02-18 03:34:27 +0000},
	Date-Modified = {2017-02-18 03:34:27 +0000},
	Pages = {1097--1105},
	Title = {Imagenet classification with deep convolutional neural networks},
	Year = {2012}}

@inproceedings{karpathy2014large,
	Author = {Karpathy, Andrej and Toderici, George and Shetty, Sanketh and Leung, Thomas and Sukthankar, Rahul and Fei-Fei, Li},
	Booktitle = {Proceedings of the IEEE conference on Computer Vision and Pattern Recognition},
	Date-Added = {2017-02-18 03:33:47 +0000},
	Date-Modified = {2017-02-18 03:33:47 +0000},
	Pages = {1725--1732},
	Title = {Large-scale video classification with convolutional neural networks},
	Year = {2014}}

@inproceedings{wang2016cnn,
	Author = {Wang, Jiang and Yang, Yi and Mao, Junhua and Huang, Zhiheng and Huang, Chang and Xu, Wei},
	Booktitle = {Proceedings of the IEEE Conference on Computer Vision and Pattern Recognition},
	Date-Added = {2017-02-18 03:33:02 +0000},
	Date-Modified = {2017-02-18 03:33:02 +0000},
	Pages = {2285--2294},
	Title = {Cnn-rnn: A unified framework for multi-label image classification},
	Year = {2016}}
